<record><leader>00000cas a22000007a 4500</leader><controlfield tag="001">12334231</controlfield><controlfield tag="008">850801d18681869pauwr ne      0    0eng d</controlfield><controlfield tag="009">384</controlfield><datafield ind1=" " ind2=" " tag="010"><subfield code="a">sn 85054746 </subfield></datafield><datafield ind1=" " ind2=" " tag="040"><subfield code="a">PLF</subfield><subfield code="b">eng</subfield><subfield code="c">PLF</subfield><subfield code="d">NPH</subfield><subfield code="d">DLC</subfield></datafield><datafield ind1="1" ind2=" " tag="029"><subfield code="a">AU@</subfield><subfield code="b">000025801054</subfield></datafield><datafield ind1=" " ind2=" " tag="042"><subfield code="a">msc</subfield></datafield><datafield ind1="0" ind2="0" tag="050"><subfield code="a">Newspaper 9519</subfield></datafield><datafield ind1="0" ind2="0" tag="245"><subfield code="a">Germantown chronicle.</subfield></datafield><datafield ind1=" " ind2=" " tag="260"><subfield code="a">Germantown [i.e. Philadelphia, Pa.] :</subfield><subfield code="b">Chronicle Association,</subfield><subfield code="c">1868-1869.</subfield></datafield><datafield ind1=" " ind2=" " tag="300"><subfield code="a">2 v. ;</subfield><subfield code="c">54-71 cm.</subfield></datafield><datafield ind1=" " ind2=" " tag="310"><subfield code="a">Weekly</subfield></datafield><datafield ind1="0" ind2=" " tag="362"><subfield code="a">Vol. 1, no. 1 (Nov. 7, 1868)-v. 2, no. 9 (Nov. 13, 1869).</subfield></datafield><datafield ind1=" " ind2=" " tag="500"><subfield code="a">Publisher varies.</subfield></datafield><datafield ind1=" " ind2=" " tag="500"><subfield code="a">Published every Saturday morning.</subfield></datafield><datafield ind1=" " ind2=" " tag="500"><subfield code="a">"Independent."</subfield></datafield><datafield ind1=" " ind2=" " tag="752"><subfield code="a">United States</subfield><subfield code="b">Pennsylvania</subfield><subfield code="c">Philadelphia</subfield><subfield code="d">Philadelphia.</subfield></datafield><datafield ind1=" " ind2=" " tag="752"><subfield code="a">United States</subfield><subfield code="b">Pennsylvania</subfield><subfield code="c">Philadelphia</subfield><subfield code="d">Germantown.</subfield></datafield><datafield ind1="0" ind2="0" tag="785"><subfield code="t">Germantown daily chronicle (Germantown, Pa. : 1869)</subfield><subfield code="w">(DLC)sn 86072133</subfield></datafield></record>